@inproceedings{dutta2012using,
  title={Using community structure detection to rank annotators when ground truth is subjective},
  author={Dutta, Haimonti and Chan, William},
  booktitle={NIPS Workshop on Human Computation for Science and Computational Sustainability},
  pages={1--4},
  year={2012}
}

@article{torget2011mapping,
  title={Mapping Texts: Combining Text-Mining and Geo-Visualization To Unlock The Research Potential of Historical Newspapers},
  author={Torget, Andrew J and Mihalcea, Rada and Christensen, Jon and McGhee, Geoff},
  year={2011}
}


@inproceedings{palfray2012logical,
  title={Logical segmentation for article extraction in digitized old newspapers},
  author={Palfray, Thomas and Hebert, David and Nicolas, St{\'e}phane and Tranouez, Pierrick and Paquet, Thierry},
  booktitle={Proceedings of the 2012 ACM symposium on Document engineering},
  pages={129--132},
  year={2012},
  organization={ACM}
} 

@article{mcmurdo2013vermont,
  title={The Vermont Digital Newspaper Project and the National Digital Newspaper Program},
  author={McMurdo, Thomas and MacLennan, Birdie},
  journal={Library Resources \& Technical Services},
  volume={57},
  number={3},
  pages={148--163},
  year={2013}
}



@article{singh2012survey,
  title={A survey of OCR applications},
  author={Singh, Amarjot and Bacchuwar, Ketan and Bhasin, Akshay},
  journal={International Journal of Machine Learning and Computing},
  volume={2},
  number={3},
  pages={314--318},
  year={2012},
  publisher={IACSIT Press}
}

@inproceedings{yang2011topic,
  title={Topic modeling on historical newspapers},
  author={Yang, Tze-I and Torget, Andrew J and Mihalcea, Rada},
  booktitle={Proceedings of the 5th ACL-HLT Workshop on Language Technology for Cultural Heritage, Social Sciences, and Humanities},
  pages={96--104},
  year={2011},
  organization={Association for Computational Linguistics}
}


@inproceedings{dutta2011learning,
  title={Learning Parameters of the K-Means Algorithm From Subjective Human Annotation.},
  author={Dutta, Haimonti and Passonneau, Rebecca J and Lee, Austin and Radeva, Axinia and Xie, Boyi and Waltz, David L and Taranto, Barbara},
  booktitle={FLAIRS Conference},
  year={2011}
}

@inproceedings{lee2010topic,
  title={Topic Identification from Historic Newspaper Articles of the New York Public Library: A Case Study},
  author={Lee, Austin and Dutta, Haimonti and Passonneau, Rebecca and Waltz, David and Taranto, Barbara},
  booktitle={5th Annual Machine Learning Symposium at the New York Academy of Sciences},
  year={2010}
}

@article{marzal1993computation,
  title={Computation of normalized edit distance and applications},
  author={Marzal, Andres and Vidal, Enrique},
  journal={Pattern Analysis and Machine Intelligence, IEEE Transactions on},
  volume={15},
  number={9},
  pages={926--932},
  year={1993},
  publisher={IEEE}
}

@article{kukich1992techniques,
  title={Techniques for automatically correcting words in text},
  author={Kukich, Karen},
  journal={ACM Computing Surveys (CSUR)},
  volume={24},
  number={4},
  pages={377--439},
  year={1992},
  publisher={ACM}
}


@inproceedings{elmi1998spelling,
  title={Spelling correction using context},
  author={Elmi, Mohammad Ali and Evens, Martha},
  booktitle={Proceedings of the 36th Annual Meeting of the Association for Computational Linguistics and 17th International Conference on Computational Linguistics-Volume 1},
  pages={360--364},
  year={1998},
  organization={Association for Computational Linguistics}
}


@inproceedings{strohmaier2003lexical,
  title={Lexical postcorrection of OCR-results: The web as a dynamic secondary dictionary?},
  author={Strohmaier, Christian M and Ringlstetter, Christoph and Schulz, Klaus U and Mihov, Stoyan},
  booktitle={ICDAR},
  pages={1133--1137},
  year={2003},
  organization={Citeseer}
}

@inproceedings{ringlstetter2007text,
  title={Text correction using domain dependent bigram models from web crawls},
  author={Ringlstetter, Christoph and Hadersbeck, Max and Schulz, Klaus U and Mihov, Stoyan},
  booktitle={Proceedings of the International Joint Conference on Artificial Intelligence (IJCAI-2007) Workshop on Analytics for Noisy Unstructured Text Data},
  year={2007}
}



@article{bassil2012ocr,
  title={OCR Context-Sensitive Error Correction Based on Google Web 1T 5-Gram Data Set},
  author={Bassil, Youssef and Alwani, Mohammad},
  journal={arXiv preprint arXiv:1204.0188},
  year={2012}
}



@inproceedings{tong1996statistical,
  title={A statistical approach to automatic OCR error correction in context},
  author={Tong, Xiang and Evans, David A},
  booktitle={Proceedings of the fourth workshop on very large corpora},
  pages={88--100},
  year={1996}
}

@inproceedings{brill2000improved,
  title={An improved error model for noisy channel spelling correction},
  author={Brill, Eric and Moore, Robert C},
  booktitle={Proceedings of the 38th Annual Meeting on Association for Computational Linguistics},
  pages={286--293},
  year={2000},
  organization={Association for Computational Linguistics}
}


@article{agarwal2013utilizing,
  title={Utilizing Big Data in Identification and Correction of OCR Errors},
  author={Agarwal, Shivam},
  year={2013}
}

@article{wagner1974string,
  title={The string-to-string correction problem},
  author={Wagner, Robert A and Fischer, Michael J},
  journal={Journal of the ACM (JACM)},
  volume={21},
  number={1},
  pages={168--173},
  year={1974},
  publisher={ACM}
}


@article{schulz2002fast,
  title={Fast string correction with Levenshtein automata},
  author={Schulz, Klaus U and Mihov, Stoyan},
  journal={International Journal on Document Analysis and Recognition},
  volume={5},
  number={1},
  pages={67--85},
  year={2002},
  publisher={Springer}
}


@inproceedings{christen2006comparison,
  title={A comparison of personal name matching: Techniques and practical issues},
  author={Christen, Peter},
  booktitle={Data Mining Workshops, 2006. ICDM Workshops 2006. Sixth IEEE International Conference on},
  pages={290--294},
  year={2006},
  organization={IEEE}
}


@article{taghva2001ocrspell,
  title={OCRSpell: an interactive spelling correction system for OCR errors in text},
  author={Taghva, Kazem and Stofsky, Eric},
  journal={International Journal on Document Analysis and Recognition},
  volume={3},
  number={3},
  pages={125--137},
  year={2001},
  publisher={Springer}
}

@phdthesis{rice1996measuring,
  title={Measuring the accuracy of page-reading systems},
  author={Rice, Stephen V},
  year={1996},
  school={University of Nevada}
}


@incollection{chattopadhyaya2013fast,
  title={A fast generative spell corrector based on edit distance},
  author={Chattopadhyaya, Ishan and Sirchabesan, Kannappan and Seal, Krishanu},
  booktitle={Advances in Information Retrieval},
  pages={404--410},
  year={2013},
  publisher={Springer}
} 


@inproceedings{levenshtein1966binary,
  title={Binary codes capable of correcting deletions, insertions and reversals},
  author={Levenshtein, Vladimir I},
  booktitle={Soviet Physics Doklady},
  volume={10},
  pages={707},
  year={1966}
}




@inproceedings{reynaert2008all,
  title={All, and only, the Errors: more Complete and Consistent Spelling and OCR-Error Correction Evaluation.},
  author={Reynaert, Martin},
  booktitle={LREC},
  year={2008}
}


 
 
@article{holley2009good,
  title={How good can it get? Analysing and improving OCR accuracy in large scale historic newspaper digitisation programs},
  author={Holley, Rose},
  journal={D-Lib Magazine},
  volume={15},
  number={3/4},
  year={2009},
  publisher={D-Lib Magazine}
}