@inproceedings{cheng2014can,
  title={Can cascades be predicted?},
  author={Cheng, Justin and Adamic, Lada and Dow, P Alex and Kleinberg, Jon Michael and Leskovec, Jure},
  booktitle={Proceedings of the 23rd international conference on World wide web},
  pages={925--936},
  year={2014},
  organization={International World Wide Web Conferences Steering Committee}
}

@inproceedings{crane2006challenge,
  title={The challenge of virginia banks: an evaluation of named entity analysis in a 19th-century newspaper collection},
  author={Crane, Gregory and Jones, Alison},
  booktitle={Proceedings of the 6th ACM/IEEE-CS joint conference on Digital libraries},
  pages={31--40},
  year={2006},
  organization={ACM}
}

@inproceedings{smith2002detectinga,
  title={Detecting and browsing events in unstructured text},
  author={Smith, David A},
  booktitle={Proceedings of the 25th annual international ACM SIGIR conference on Research and development in information retrieval},
  pages={73--80},
  year={2002},
  organization={ACM}
}

@inproceedings{smith2002detectingb,
  title={Detecting events with date and place information in unstructured text},
  author={Smith, David A},
  booktitle={Proceedings of the 2nd ACM/IEEE-CS joint conference on Digital libraries},
  pages={191--196},
  year={2002},
  organization={ACM}
}

@incollection{smith2001disambiguating,
  title={Disambiguating geographic names in a historical digital library},
  author={Smith, David A and Crane, Gregory},
  booktitle={Research and Advanced Technology for Digital Libraries},
  pages={127--136},
  year={2001},
  publisher={Springer}
}

@inproceedings{khurdiya2011multi,
  title={Multi-perspective linking of news articles within a repository},
  author={Khurdiya, Arpit and Dey, Lipika and Raj, Nidhi and Haque, Sk Mirajul},
  booktitle={Proceedings of the Twenty-Second international joint conference on Artificial Intelligence-Volume Volume Three},
  pages={2281--2286},
  year={2011},
  organization={AAAI Press}
}  

@inproceedings{shahaf2010connecting,
  title={Connecting the dots between news articles},
  author={Shahaf, Dafna and Guestrin, Carlos},
  booktitle={Proceedings of the 16th ACM SIGKDD international conference on Knowledge discovery and data mining},
  pages={623--632},
  year={2010},
  organization={ACM}
}

@inproceedings{mckeown2002tracking,
  title={Tracking and summarizing news on a daily basis with Columbia's Newsblaster},
  author={McKeown, Kathleen R and Barzilay, Regina and Evans, David and Hatzivassiloglou, Vasileios and Klavans, Judith L and Nenkova, Ani and Sable, Carl and Schiffman, Barry and Sigelman, Sergey},
  booktitle={Proceedings of the second international conference on Human Language Technology Research},
  pages={280--285},
  year={2002},
  organization={Morgan Kaufmann Publishers Inc.}
}

@article{watts2007influentials,
  title={Influentials, networks, and public opinion formation},
  author={Watts, Duncan J and Dodds, Peter Sheridan},
  journal={Journal of consumer research},
  volume={34},
  number={4},
  pages={441--458},
  year={2007},
  publisher={JSTOR}
}

@inproceedings{kempe2003maximizing,
  title={Maximizing the spread of influence through a social network},
  author={Kempe, David and Kleinberg, Jon and Tardos, {\'E}va},
  booktitle={Proceedings of the ninth ACM SIGKDD international conference on Knowledge discovery and data mining},
  pages={137--146},
  year={2003},
  organization={ACM}
}




@inproceedings{dutta2011learning,
  title={Learning Parameters of the K-Means Algorithm From Subjective Human Annotation.},
  author={Dutta, Haimonti and Passonneau, Rebecca J and Lee, Austin and Radeva, Axinia and Xie, Boyi and Waltz, David L and Taranto, Barbara},
  booktitle={FLAIRS Conference},
  year={2011}
}


@inproceedings{carlson2009learning,
  title={Learning a Named Entity Tagger from Gazetteers with the Partial Perceptron.},
  author={Carlson, Andrew and Gaffney, Scott and Vasile, Flavian},
  booktitle={AAAI Spring Symposium: Learning by Reading and Learning to Read},
  pages={7--13},
  year={2009}
}

@inproceedings{zhang2009novel,
  title={A novel approach to automatic gazetteer generation using wikipedia},
  author={Zhang, Ziqi and Iria, Jos{\'e}},
  booktitle={Proceedings of the 2009 Workshop on The People's Web Meets NLP: Collaboratively Constructed Semantic Resources},
  pages={1--9},
  year={2009},
  organization={Association for Computational Linguistics}
}


@incollection{newman2006analyzing,
  title={Analyzing entities and topics in news articles using statistical topic models},
  author={Newman, David and Chemudugunta, Chaitanya and Smyth, Padhraic and Steyvers, Mark},
  booktitle={Intelligence and Security Informatics},
  pages={93--104},
  year={2006},
  publisher={Springer}
}

@inproceedings{lloyd2005lydia,
  title={Lydia: A system for large-scale news analysis},
  author={Lloyd, Levon and Kechagias, Dimitrios and Skiena, Steven},
  booktitle={String Processing and Information Retrieval},
  pages={161--166},
  year={2005},
  organization={Springer}
}

@article{marzal1993computation,
  title={Computation of normalized edit distance and applications},
  author={Marzal, Andres and Vidal, Enrique},
  journal={Pattern Analysis and Machine Intelligence, IEEE Transactions on},
  volume={15},
  number={9},
  pages={926--932},
  year={1993},
  publisher={IEEE}
}

@article{kukich1992techniques,
  title={Techniques for automatically correcting words in text},
  author={Kukich, Karen},
  journal={ACM Computing Surveys (CSUR)},
  volume={24},
  number={4},
  pages={377--439},
  year={1992},
  publisher={ACM}
}


@inproceedings{elmi1998spelling,
  title={Spelling correction using context},
  author={Elmi, Mohammad Ali and Evens, Martha},
  booktitle={Proceedings of the 36th Annual Meeting of the Association for Computational Linguistics and 17th International Conference on Computational Linguistics-Volume 1},
  pages={360--364},
  year={1998},
  organization={Association for Computational Linguistics}
}

@inproceedings{brill2000improved,
  title={An improved error model for noisy channel spelling correction},
  author={Brill, Eric and Moore, Robert C},
  booktitle={Proceedings of the 38th Annual Meeting on Association for Computational Linguistics},
  pages={286--293},
  year={2000},
  organization={Association for Computational Linguistics}
}

@inproceedings{tong1996statistical,
  title={A statistical approach to automatic OCR error correction in context},
  author={Tong, Xiang and Evans, David A},
  booktitle={Proceedings of the fourth workshop on very large corpora},
  pages={88--100},
  year={1996}
}


@article{bassil2012ocr,
  title={OCR Context-Sensitive Error Correction Based on Google Web 1T 5-Gram Data Set},
  author={Bassil, Youssef and Alwani, Mohammad},
  journal={arXiv preprint arXiv:1204.0188},
  year={2012}
}

@article{taghva2001ocrspell,
  title={OCRSpell: an interactive spelling correction system for OCR errors in text},
  author={Taghva, Kazem and Stofsky, Eric},
  journal={International Journal on Document Analysis and Recognition},
  volume={3},
  number={3},
  pages={125--137},
  year={2001},
  publisher={Springer}
}

@article{wagner1974string,
  title={The string-to-string correction problem},
  author={Wagner, Robert A and Fischer, Michael J},
  journal={Journal of the ACM (JACM)},
  volume={21},
  number={1},
  pages={168--173},
  year={1974},
  publisher={ACM}
}

@inproceedings{christen2006comparison,
  title={A comparison of personal name matching: Techniques and practical issues},
  author={Christen, Peter},
  booktitle={Data Mining Workshops, 2006. ICDM Workshops 2006. Sixth IEEE International Conference on},
  pages={290--294},
  year={2006},
  organization={IEEE}
}

@inproceedings{reynaert2008all,
  title={All, and only, the Errors: more Complete and Consistent Spelling and OCR-Error Correction Evaluation.},
  author={Reynaert, Martin},
  booktitle={LREC},
  year={2008}
}

@inproceedings{udupa2010hashing,
  title={Hashing-based approaches to spelling correction of personal names},
  author={Udupa, Raghavendra and Kumar, Shaishav},
  booktitle={Proceedings of the 2010 Conference on Empirical Methods in Natural Language Processing},
  pages={1256--1265},
  year={2010},
  organization={Association for Computational Linguistics}
}

@incollection{chattopadhyaya2013fast,
  title={A fast generative spell corrector based on edit distance},
  author={Chattopadhyaya, Ishan and Sirchabesan, Kannappan and Seal, Krishanu},
  booktitle={Advances in Information Retrieval},
  pages={404--410},
  year={2013},
  publisher={Springer}
} 

@phdthesis{rice1996measuring,
  title={Measuring the accuracy of page-reading systems},
  author={Rice, Stephen V},
  year={1996},
  school={University of Nevada}
}

@inproceedings{levenshtein1966binary,
  title={Binary codes capable of correcting deletions, insertions and reversals},
  author={Levenshtein, Vladimir I},
  booktitle={Soviet Physics Doklady},
  volume={10},
  pages={707},
  year={1966}
}

@inproceedings{strohmaier2003lexical,
  title={Lexical postcorrection of OCR-results: The web as a dynamic secondary dictionary?},
  author={Strohmaier, Christian M and Ringlstetter, Christoph and Schulz, Klaus U and Mihov, Stoyan},
  booktitle={ICDAR},
  pages={1133--1137},
  year={2003},
  organization={Citeseer}
}

@inproceedings{ringlstetter2007text,
  title={Text correction using domain dependent bigram models from web crawls},
  author={Ringlstetter, Christoph and Hadersbeck, Max and Schulz, Klaus U and Mihov, Stoyan},
  booktitle={Proceedings of the International Joint Conference on Artificial Intelligence (IJCAI-2007) Workshop on Analytics for Noisy Unstructured Text Data},
  year={2007}
}

@article{schulz2002fast,
  title={Fast string correction with Levenshtein automata},
  author={Schulz, Klaus U and Mihov, Stoyan},
  journal={International Journal on Document Analysis and Recognition},
  volume={5},
  number={1},
  pages={67--85},
  year={2002},
  publisher={Springer}
}

@article{agarwal2013utilizing,
  title={Utilizing Big Data in Identification and Correction of OCR Errors},
  author={Agarwal, Shivam},
  year={2013}
}

@inproceedings{rodriquez2012comparison,
  title={Comparison of named entity recognition tools for raw OCR text},
  author={Rodriquez, Kepa Joseba and Bryant, Mike and Blanke, Tobias and Luszczynska, Magdalena},
  booktitle={Proceedings of KONVENS},
  pages={410--414},
  year={2012}
}

@article{blei2012probabilistic,
  title={Probabilistic topic models},
  author={Blei, David M},
  journal={Communications of the ACM},
  volume={55},
  number={4},
  pages={77--84},
  year={2012},
  publisher={ACM}
}



@article{blei2003latent,
  title={Latent dirichlet allocation},
  author={Blei, David M and Ng, Andrew Y and Jordan, Michael I},
  journal={the Journal of machine Learning research},
  volume={3},
  pages={993--1022},
  year={2003},
  publisher={JMLR. org}
}



@article{newman2009distributed,
  title={Distributed algorithms for topic models},
  author={Newman, David and Asuncion, Arthur and Smyth, Padhraic and Welling, Max},
  journal={The Journal of Machine Learning Research},
  volume={10},
  pages={1801--1828},
  year={2009},
  publisher={JMLR. org}
}


@unpublished{McCallumMALLET,
      author = "Andrew Kachites McCallum",
      title = "MALLET: A Machine Learning for Language Toolkit",
      note = "http://mallet.cs.umass.edu",
      year = 2002}

@inproceedings{agarwal2008identifying,
  title={Identifying the influential bloggers in a community},
  author={Agarwal, Nitin and Liu, Huan and Tang, Lei and Yu, Philip S},
  booktitle={Proceedings of the 2008 international conference on web search and data mining},
  pages={207--218},
  year={2008},
  organization={ACM}
}

@inproceedings{lerman2010using,
  title={Using a model of social dynamics to predict popularity of news},
  author={Lerman, Kristina and Hogg, Tad},
  booktitle={Proceedings of the 19th international conference on World wide web},
  pages={621--630},
  year={2010},
  organization={ACM}
}