



@inproceedings{carlson2009learning,
  title={Learning a Named Entity Tagger from Gazetteers with the Partial Perceptron.},
  author={Carlson, Andrew and Gaffney, Scott and Vasile, Flavian},
  booktitle={AAAI Spring Symposium: Learning by Reading and Learning to Read},
  pages={7--13},
  year={2009}
}

@inproceedings{zhang2009novel,
  title={A novel approach to automatic gazetteer generation using wikipedia},
  author={Zhang, Ziqi and Iria, Jos{\'e}},
  booktitle={Proceedings of the 2009 Workshop on The People's Web Meets NLP: Collaboratively Constructed Semantic Resources},
  pages={1--9},
  year={2009},
  organization={Association for Computational Linguistics}
}

@inproceedings{agarwal2008identifying,
  title={Identifying the influential bloggers in a community},
  author={Agarwal, Nitin and Liu, Huan and Tang, Lei and Yu, Philip S},
  booktitle={Proceedings of the 2008 international conference on web search and data mining},
  pages={207--218},
  year={2008},
  organization={ACM}
}

@article{cha2010measuring,
  title={Measuring User Influence in Twitter: The Million Follower Fallacy.},
  author={Cha, Meeyoung and Haddadi, Hamed and Benevenuto, Fabricio and Gummadi, P Krishna},
  journal={ICWSM},
  volume={10},
  pages={10--17},
  year={2010}
}

@inproceedings{zhang2009m3ic,
  title={M3IC: Maximum Margin Multiple Instance Clustering.},
  author={Zhang, Dan and Wang, Fei and Si, Luo and Li, Tao},
  booktitle={IJCAI},
  volume={9},
  pages={1339--1344},
  year={2009}
}